@Article{qpfc,
  title =	"Quadratic Programming Feature Selection",
  author =	"Irene Rodr{\'i}guez-Luj{\'a}n and Ram{\'o}n Huerta and
		 Charles Elkan and Carlos Santa Cruz",
  journal =	"Journal of Machine Learning Research",
  year = 	"2010",
  volume =	"11",
  bibdate =	"2016-10-29",
  bibsource =	"DBLP,
		 http://dblp.uni-trier.de/db/journals/jmlr/jmlr11.html#Rodriguez-LujanHEC10",
  pages =	"1491--1516",
  URL =  	"http://portal.acm.org/citation.cfm?id=1859900",
}

@Article{pls_effective,
  title =	"Kernelization of Tensor-Based Models for Multiway Data
		 Analysis: Processing of Multidimensional Structured
		 Data",
  author =	"Qibin Zhao and Guoxu Zhou and T{\"u}lay Adali and
		 Liqing Zhang and Andrzej Cichocki",
  journal =	"IEEE Signal Process. Mag",
  year = 	"2013",
  number =	"4",
  volume =	"30",
  bibdate =	"2017-06-08",
  bibsource =	"DBLP,
		 http://dblp.uni-trier.de/https://doi.org/10.1109/MSP.2013.2255334;
		 DBLP,
		 http://dblp.uni-trier.de/db/journals/spm/spm30.html#ZhaoZAZC13",
  pages =	"137--148",
}

@article{motrenko,
  title =	"Multi-way feature selection for ECoG-based
		 Brain-Computer Interface",
  author =	"Anastasia Motrenko and Vadim V. Strijov",
  journal =	"Expert Syst. Appl",
  year = 	"2018",
  volume =	"114",
  bibdate =	"2018-09-13",
  bibsource =	"DBLP,
		 http://dblp.uni-trier.de/https://doi.org/10.1016/j.eswa.2018.06.054;
		 DBLP,
		 http://dblp.uni-trier.de/db/journals/eswa/eswa114.html#MotrenkoS18",
  pages =	"402--413",
}

@Article{pls_ni,
  title =	"Partial Least Squares (PLS) methods for neuroimaging:
		 A tutorial and review",
  author =	"Anjali Krishnan and Lynne J. Williams and Anthony
		 Randal McIntosh and Herv{\'e} Abdi",
  journal =	"NeuroImage",
  year = 	"2011",
  number =	"2",
  volume =	"56",
  bibdate =	"2017-06-14",
  bibsource =	"DBLP,
		 http://dblp.uni-trier.de/https://doi.org/10.1016/j.neuroimage.2010.07.034;
		 DBLP,
		 http://dblp.uni-trier.de/db/journals/neuroimage/neuroimage56.html#KrishnanWMA11",
  pages =	"455--475",
}

@InProceedings{elisey,
  title =	"Recursive Multi-Way PLS for Adaptive Calibration of
		 Brain Computer Interface System",
  author =	"Andrey Eliseyev and Alim-Louis Benabid and Tatyana I.
		 Aksenova",
  bibdate =	"2017-05-26",
  bibsource =	"DBLP,
		 http://dblp.uni-trier.de/https://doi.org/10.1007/978-3-642-21738-8_3;
		 DBLP,
		 http://dblp.uni-trier.de/db/conf/icann/icann2011-2.html#EliseyevBA11",
  booktitle =	"Artificial Neural Networks and Machine Learning -
		 ICANN 2011 - 21st International Conference on
		 Artificial Neural Networks, Espoo, Finland, June 14-17,
		 2011, Proceedings, Part II",
  publisher =	"Springer",
  year = 	"2011",
  volume =	"6792",
  booktitle =	"ICANN (2)",
  editor =	"Timo Honkela and Wlodzislaw Duch and Mark A. Girolami
		 and Samuel Kaski",
  ISBN = 	"978-3-642-21737-1",
  pages =	"17--24",
  series =	"Lecture Notes in Computer Science",
}


@InProceedings{elisey2,
  title =	"L1-Penalized N-way PLS for subset of electrodes selection in BCI experiments",
  author =	"Andrey Eliseyev, Cecile Moro, Jean Faber, Alexander Wyss, Napoleon Torres, Corinne Mestais, Alim Louis Benabid and Tetiana Aksenova",
  booktitle = "Journal of Neural Engineering",
  year = 	"2012",
}

@InProceedings{elisey3,
  title =	"Iterative N-way partial least squares for a binary self-paced brainâ€“computer interface in freely moving animals",
  author =	"Andrey Eliseyev, Cecile Moro, Jean Faber, Alexander Wyss, Napoleon Torres, Corinne Mestais, Alim Louis Benabid and Tetiana Aksenova",
  booktitle = "Journal of Neural Engineering",
  year = 	"2012",
}
