 
@article{motrenko,
  title =	"Multi-way feature selection for ECoG-based
		 Brain-Computer Interface",
  author =	"Anastasia Motrenko and Vadim V. Strijov",
  journal =	"Expert Syst. Appl",
  year = 	"2018",
  volume =	"114",
  bibdate =	"2018-09-13",
  bibsource =	"DBLP,
		 http://dblp.uni-trier.de/https://doi.org/10.1016/j.eswa.2018.06.054;
		 DBLP,
		 http://dblp.uni-trier.de/db/journals/eswa/eswa114.html#MotrenkoS18",
  pages =	"402--413",
}

@Article{pls_effective,
  title =	"Kernelization of Tensor-Based Models for Multiway Data
		 Analysis: Processing of Multidimensional Structured
		 Data",
  author =	"Qibin Zhao and Guoxu Zhou and T{\"u}lay Adali and
		 Liqing Zhang and Andrzej Cichocki",
  journal =	"IEEE Signal Process. Mag",
  year = 	"2013",
  number =	"4",
  volume =	"30",
  bibdate =	"2017-06-08",
  bibsource =	"DBLP,
		 http://dblp.uni-trier.de/https://doi.org/10.1109/MSP.2013.2255334;
		 DBLP,
		 http://dblp.uni-trier.de/db/journals/spm/spm30.html#ZhaoZAZC13",
  pages =	"137--148",
}

@Article{qpfc,
  title =	"Quadratic Programming Feature Selection",
  author =	"Irene Rodr{\'i}guez-Luj{\'a}n and Ram{\'o}n Huerta and
		 Charles Elkan and Carlos Santa Cruz",
  journal =	"Journal of Machine Learning Research",
  year = 	"2010",
  volume =	"11",
  bibdate =	"2016-10-29",
  bibsource =	"DBLP,
		 http://dblp.uni-trier.de/db/journals/jmlr/jmlr11.html#Rodriguez-LujanHEC10",
  pages =	"1491--1516",
  URL =  	"http://portal.acm.org/citation.cfm?id=1859900",
}
